<record><leader>00000cas a2200000 a 4500</leader><controlfield tag="001">14375246</controlfield><controlfield tag="008">861010u1970uuuumou x ne      0   a0eng c</controlfield><datafield ind1=" " ind2=" " tag="010"><subfield code="a">sn 90061845 </subfield></datafield><datafield ind1=" " ind2=" " tag="040"><subfield code="a">WIH</subfield><subfield code="b">eng</subfield><subfield code="c">WIH</subfield><subfield code="d">MQN</subfield><subfield code="d">EYM</subfield><subfield code="d">NYS</subfield><subfield code="d">OCLCQ</subfield><subfield code="d">OCLCF</subfield><subfield code="d">OCLCO</subfield><subfield code="d">OCLCA</subfield></datafield><datafield ind1=" " ind2=" " tag="012"><subfield code="i">9401</subfield></datafield><datafield ind1="1" ind2=" " tag="029"><subfield code="a">AU@</subfield><subfield code="b">000010822918</subfield></datafield><datafield ind1=" " ind2=" " tag="042"><subfield code="a">pcc</subfield></datafield><datafield ind1=" " ind2=" " tag="043"><subfield code="a">n-us-mo</subfield></datafield><datafield ind1=" " ind2=" " tag="090"><subfield code="a">AN23.C67</subfield><subfield code="b">N39</subfield></datafield><datafield ind1="0" ind2=" " tag="130"><subfield code="a">New morning (Columbia, Mo.)</subfield></datafield><datafield ind1="1" ind2="0" tag="245"><subfield code="a">New morning.</subfield></datafield><datafield ind1=" " ind2=" " tag="260"><subfield code="a">Columbia, Mo. :</subfield><subfield code="b">Columbia Free Press Corp.,</subfield><subfield code="c">1970-</subfield></datafield><datafield ind1=" " ind2=" " tag="300"><subfield code="a">v. :</subfield><subfield code="b">ill. ;</subfield><subfield code="c">44-49 cm.</subfield></datafield><datafield ind1=" " ind2=" " tag="310"><subfield code="a">Irregular</subfield></datafield><datafield ind1="0" ind2=" " tag="362"><subfield code="a">Vol. 1, no. 1 (Dec. 14, 1970)-</subfield></datafield><datafield ind1=" " ind2=" " tag="515"><subfield code="a">Numbering and dating are irregular.</subfield></datafield><datafield ind1=" " ind2=" " tag="530"><subfield code="a">Issued on microfilm by the State Historical Society of Wisconsin.</subfield></datafield><datafield ind1=" " ind2=" " tag="588"><subfield code="a">Latest issue consulted: Vol. 2, no. 11 (July 1971).</subfield></datafield><datafield ind1=" " ind2="0" tag="651"><subfield code="a">Columbia (Mo.)</subfield><subfield code="v">Newspapers.</subfield></datafield><datafield ind1=" " ind2="0" tag="651"><subfield code="a">Boone County (Mo.)</subfield><subfield code="v">Newspapers.</subfield></datafield><datafield ind1=" " ind2="7" tag="655"><subfield code="a">Underground newspapers</subfield><subfield code="z">Missouri</subfield><subfield code="z">Columbia.</subfield><subfield code="2">ngl</subfield></datafield><datafield ind1=" " ind2="7" tag="655"><subfield code="a">Newspapers.</subfield><subfield code="2">fast</subfield><subfield code="0">(OCoLC)fst01423814</subfield></datafield><datafield ind1=" " ind2="7" tag="651"><subfield code="a">Missouri</subfield><subfield code="z">Boone County.</subfield><subfield code="2">fast</subfield><subfield code="0">(OCoLC)fst01215953</subfield></datafield><datafield ind1=" " ind2="7" tag="651"><subfield code="a">Missouri</subfield><subfield code="z">Columbia.</subfield><subfield code="2">fast</subfield><subfield code="0">(OCoLC)fst01205914</subfield></datafield><datafield ind1=" " ind2=" " tag="752"><subfield code="a">United States</subfield><subfield code="b">Missouri</subfield><subfield code="c">Boone</subfield><subfield code="d">Columbia.</subfield></datafield><datafield ind1="0" ind2="0" tag="780"><subfield code="t">Columbia Missouri free press</subfield><subfield code="w">(DLC)sn 90061844</subfield><subfield code="w">(OCoLC)17887095</subfield></datafield><datafield ind1=" " ind2=" " tag="850"><subfield code="a">MiU</subfield></datafield></record>